<?xml version="1.0" encoding="UTF-8"?><record xmlns="http://www.loc.gov/MARC21/slim" xmlns:cinclude="http://apache.org/cocoon/include/1.0" xmlns:zs="http://www.loc.gov/zing/srw/">
  <leader>00364cz  a2200133n  4500</leader>
  <controlfield tag="001">nr 98038949 </controlfield>
  <controlfield tag="003">DLC</controlfield>
  <controlfield tag="005">20000721110621.0</controlfield>
  <controlfield tag="008">981023n| acannaab           |a aaa     c</controlfield>
  <datafield tag="010" ind1=" " ind2=" ">
    <subfield code="a">nr 98038949 </subfield>
    <subfield code="z">nb 98055073 </subfield>
  </datafield>
  <datafield tag="040" ind1=" " ind2=" ">
    <subfield code="a">UkCU</subfield>
    <subfield code="c">UkCU</subfield>
    <subfield code="d">DLC</subfield>
  </datafield>
  <datafield tag="100" ind1="1" ind2="0">
    <subfield code="a">South, Eddie</subfield>
  </datafield>
  <datafield tag="400" ind1="1" ind2="0">
    <subfield code="a">South, Edeline</subfield>
  </datafield>
  <datafield tag="670" ind1=" " ind2=" ">
    <subfield code="a">About the house, 1998:</subfield>
    <subfield code="b">t.p. (Eddie South) jkt. (Edeline South)</subfield>
  </datafield>
</record>